
@book{menezesHandbookAppliedCryptography1997,
  title = {Handbook of Applied Cryptography},
  author = {Menezes, A. J. and Van Oorschot, Paul C. and Vanstone, Scott A.},
  date = {1997},
  series = {{{CRC Press}} Series on Discrete Mathematics and Its Applications},
  publisher = {{CRC Press}},
  location = {{Boca Raton}},
  isbn = {978-0-8493-8523-0},
  pagetotal = {780},
  keywords = {Access control Handbooks; manuals; etc,Computers,Cryptography,Handbooks; manuals; etc}
}


